@inproceedings{bahdanau2014neural,
 author = {Dzmitry Bahdanau and
Kyunghyun Cho and
Yoshua Bengio},
 booktitle = {Proc. of ICLR},
 title = {Neural Machine Translation by Jointly Learning to Align and Translate},
 year = {2015}
}

@article{bengio2015conditional,
 author = {Bengio, Emmanuel and Bacon, Pierre-Luc and Pineau, Joelle and Precup, Doina},
 journal = {ArXiv preprint},
 title = {Conditional computation in neural networks for faster models},
 year = {2015}
}

@inproceedings{bosselut2019comet,
 author = {Bosselut, Antoine  and
Rashkin, Hannah  and
Sap, Maarten  and
Malaviya, Chaitanya  and
Celikyilmaz, Asli  and
Choi, Yejin},
 booktitle = {Proc. of ACL},
 title = {{COMET}: Commonsense Transformers for Automatic Knowledge Graph Construction},
 year = {2019}
}

@article{busso2008iemocap,
 author = {Busso, Carlos and Bulut, Murtaza and Lee, Chi-Chun and Kazemzadeh, Abe and Mower, Emily and Kim, Samuel and Chang, Jeannette N and Lee, Sungbok and Narayanan, Shrikanth S},
 journal = {Language resources and evaluation},
 title = {IEMOCAP: Interactive emotional dyadic motion capture database},
 year = {2008}
}

@article{chung2014empirical,
 author = {Chung, Junyoung and Gulcehre, Caglar and Cho, KyungHyun and Bengio, Yoshua},
 journal = {arXiv preprint arXiv:1412.3555},
 title = {Empirical evaluation of gated recurrent neural networks on sequence modeling},
 year = {2014}
}

@inproceedings{devillers2002annotation,
 author = {Devillers, Laurence and Vasilescu, Ioana and Lamel, Lori},
 booktitle = {proceedings of ISLE Workshop},
 title = {Annotation and detection of emotion in a task-oriented human-human dialog corpus},
 year = {2002}
}

@inproceedings{devillers2006real,
 author = {Devillers, Laurence and Vidrascu, Laurence},
 booktitle = {Ninth International Conference on Spoken Language Processing},
 title = {Real-life emotions detection with lexical and paralinguistic cues on human-human call center dialogs},
 year = {2006}
}

@inproceedings{forbes2004predicting,
 author = {Forbes-Riley, Kate  and
Litman, Diane},
 booktitle = {Proc. of NAACL},
 title = {Predicting Emotion in Spoken Dialogue from Multiple Knowledge Sources},
 year = {2004}
}

@inproceedings{ghosal2019dialoguegcn,
 author = {Ghosal, Deepanway  and
Majumder, Navonil  and
Poria, Soujanya  and
Chhaya, Niyati  and
Gelbukh, Alexander},
 booktitle = {Proc. of EMNLP},
 title = {{D}ialogue{GCN}: A Graph Convolutional Neural Network for Emotion Recognition in Conversation},
 year = {2019}
}

@inproceedings{ghosal2020cosmic,
 author = {Ghosal, Deepanway  and
Majumder, Navonil  and
Gelbukh, Alexander  and
Mihalcea, Rada  and
Poria, Soujanya},
 booktitle = {Proc. of EMNLP Findings},
 title = {{COSMIC}: {CO}mmon{S}ense knowledge for e{M}otion Identification in Conversations},
 year = {2020}
}

@article{ghosal2020utterance,
 author = {Ghosal, Deepanway and Majumder, Navonil and Mihalcea, Rada and Poria, Soujanya},
 journal = {ArXiv preprint},
 title = {Utterance-level dialogue understanding: An empirical study},
 year = {2020}
}

@inproceedings{hazarika2018conversational,
 author = {Hazarika, Devamanyu  and
Poria, Soujanya  and
Zadeh, Amir  and
Cambria, Erik  and
Morency, Louis-Philippe  and
Zimmermann, Roger},
 booktitle = {Proc. of NAACL},
 title = {Conversational Memory Network for Emotion Recognition in Dyadic Dialogue Videos},
 year = {2018}
}

@inproceedings{hazarika2018icon,
 author = {Hazarika, Devamanyu  and
Poria, Soujanya  and
Mihalcea, Rada  and
Cambria, Erik  and
Zimmermann, Roger},
 booktitle = {Proc. of EMNLP},
 title = {{ICON}: Interactive Conversational Memory Network for Multimodal Emotion Detection},
 year = {2018}
}

@inproceedings{ishiwatari2020relation,
 author = {Ishiwatari, Taichi  and
Yasuda, Yuki  and
Miyazaki, Taro  and
Goto, Jun},
 booktitle = {Proc. of EMNLP},
 title = {Relation-aware Graph Attention Networks with Relational Position Encodings for Emotion Recognition in Conversations},
 year = {2020}
}

@inproceedings{jiao-etal-2019-higru,
 author = {Jiao, Wenxiang  and
Yang, Haiqin  and
King, Irwin  and
Lyu, Michael R.},
 booktitle = {Proc. of NAACL},
 title = {{H}i{GRU}: {H}ierarchical Gated Recurrent Units for Utterance-Level Emotion Recognition},
 year = {2019}
}

@inproceedings{jiao2020exploiting,
 author = {Jiao, Wenxiang  and
Lyu, Michael  and
King, Irwin},
 booktitle = {Proc. of EMNLP Findings},
 title = {{E}xploiting {U}nsupervised {D}ata for {E}motion {R}ecognition in {C}onversations},
 year = {2020}
}

@inproceedings{jiao2020real,
 author = {Wenxiang Jiao and
Michael R. Lyu and
Irwin King},
 booktitle = {Proc. of AAAI},
 title = {Real-Time Emotion Recognition via Attention Gated Hierarchical Memory
Network},
 year = {2020}
}

@inproceedings{kipf2016semi,
 author = {Thomas N. Kipf and
Max Welling},
 booktitle = {Proc. of ICLR},
 title = {Semi-Supervised Classification with Graph Convolutional Networks},
 year = {2017}
}

@article{lee2005toward,
 author = {Lee, Chul Min and Narayanan, Shrikanth S},
 journal = {IEEE transactions on speech and audio processing},
 title = {Toward detecting emotions in spoken dialogs},
 year = {2005}
}

@inproceedings{li2017dailydialog,
 author = {Li, Yanran  and
Su, Hui  and
Shen, Xiaoyu  and
Li, Wenjie  and
Cao, Ziqiang  and
Niu, Shuzi},
 booktitle = {Proceedings of the Eighth International Joint Conference on Natural Language Processing (Volume 1: Long Papers)},
 title = {{D}aily{D}ialog: A Manually Labelled Multi-turn Dialogue Dataset},
 year = {2017}
}

@inproceedings{li2020hitrans,
 author = {Li, Jingye  and
Ji, Donghong  and
Li, Fei  and
Zhang, Meishan  and
Liu, Yijiang},
 booktitle = {Proc. of COLING},
 title = {{H}i{T}rans: A Transformer-Based Context- and Speaker-Sensitive Model for Emotion Detection in Conversations},
 year = {2020}
}

@article{li2020multi,
 author = {Li, Jingye and Zhang, Meishan and Ji, Donghong and Liu, Yijiang},
 journal = {arXiv},
 title = {Multi-Task Learning with Auxiliary Speaker Identification for Conversational Emotion Recognition},
 year = {2020}
}

@article{liu2012sentiment,
 author = {Liu, Bing},
 journal = {Synthesis lectures on human language technologies},
 title = {Sentiment analysis and opinion mining},
 year = {2012}
}

@article{liu2019roberta,
 author = {Liu, Yinhan and Ott, Myle and Goyal, Naman and Du, Jingfei and Joshi, Mandar and Chen, Danqi and Levy, Omer and Lewis, Mike and Zettlemoyer, Luke and Stoyanov, Veselin},
 journal = {ArXiv preprint},
 title = {Roberta: A robustly optimized bert pretraining approach},
 year = {2019}
}

@inproceedings{lu2020iterative,
 author = {Lu, Xin  and
Zhao, Yanyan  and
Wu, Yang  and
Tian, Yijian  and
Chen, Huipeng  and
Qin, Bing},
 booktitle = {Proc. of COLING},
 title = {An Iterative Emotion Interaction Network for Emotion Recognition in Conversations},
 year = {2020}
}

@inproceedings{majumder2019dialoguernn,
 author = {Navonil Majumder and
Soujanya Poria and
Devamanyu Hazarika and
Rada Mihalcea and
Alexander F. Gelbukh and
Erik Cambria},
 booktitle = {Proc. of AAAI},
 title = {DialogueRNN: An Attentive {RNN} for Emotion Detection in Conversations},
 year = {2019}
}

@article{medsker2001recurrent,
 author = {Medsker, Larry R and Jain, LC},
 journal = {Design and Applications},
 title = {Recurrent neural networks},
 year = {2001}
}

@inproceedings{min2018efficient,
 author = {Min, Sewon  and
Zhong, Victor  and
Socher, Richard  and
Xiong, Caiming},
 booktitle = {Proc. of ACL},
 title = {Efficient and Robust Question Answering from Minimal Context over Documents},
 year = {2018}
}

@inproceedings{mohammad2018obtaining,
 author = {Mohammad, Saif},
 booktitle = {Proc. of ACL},
 title = {Obtaining Reliable Human Ratings of Valence, Arousal, and Dominance for 20,000 {E}nglish Words},
 year = {2018}
}

@inproceedings{nasukawa2003sentiment,
 author = {Nasukawa, Tetsuya and Yi, Jeonghee},
 booktitle = {Proceedings of the 2nd international conference on Knowledge capture},
 title = {Sentiment analysis: Capturing favorability using natural language processing},
 year = {2003}
}

@inproceedings{neil2016phased,
 author = {Daniel Neil and
Michael Pfeiffer and
Shih{-}Chii Liu},
 booktitle = {Proc. of NeurIPS},
 title = {Phased {LSTM:} Accelerating Recurrent Network Training for Long or
Event-based Sequences},
 year = {2016}
}

@inproceedings{pascanu2013difficulty,
 author = {Razvan Pascanu and
Tom{\'{a}}s Mikolov and
Yoshua Bengio},
 booktitle = {Proc. of ICML},
 title = {On the difficulty of training recurrent neural networks},
 year = {2013}
}

@inproceedings{poostchi-etal-2018-bilstm,
 author = {Poostchi, Hanieh  and
Zare Borzeshi, Ehsan  and
Piccardi, Massimo},
 booktitle = {Proc. of LREC},
 title = {{B}i{LSTM}-{CRF} for {P}ersian Named-Entity Recognition {A}rman{P}erso{NERC}orpus: the First Entity-Annotated {P}ersian Dataset},
 year = {2018}
}

@inproceedings{poria2017context,
 author = {Poria, Soujanya  and
Cambria, Erik  and
Hazarika, Devamanyu  and
Majumder, Navonil  and
Zadeh, Amir  and
Morency, Louis-Philippe},
 booktitle = {Proc. of ACL},
 title = {Context-Dependent Sentiment Analysis in User-Generated Videos},
 year = {2017}
}

@inproceedings{poria2018meld,
 author = {Poria, Soujanya  and
Hazarika, Devamanyu  and
Majumder, Navonil  and
Naik, Gautam  and
Cambria, Erik  and
Mihalcea, Rada},
 booktitle = {Proc. of ACL},
 title = {{MELD}: A Multimodal Multi-Party Dataset for Emotion Recognition in Conversations},
 year = {2019}
}

@article{poria2019emotion,
 author = {Poria, Soujanya and Majumder, Navonil and Mihalcea, Rada and Hovy, Eduard},
 journal = {IEEE Access},
 title = {Emotion recognition in conversation: Research challenges, datasets, and recent advances},
 year = {2019}
}

@inproceedings{schlichtkrull2018modeling,
 author = {Schlichtkrull, Michael and Kipf, Thomas N and Bloem, Peter and Van Den Berg, Rianne and Titov, Ivan and Welling, Max},
 booktitle = {European Semantic Web Conference},
 title = {Modeling relational data with graph convolutional networks},
 year = {2018}
}

@inproceedings{sennrich2015neural,
 author = {Sennrich, Rico  and
Haddow, Barry  and
Birch, Alexandra},
 booktitle = {Proc. of ACL},
 title = {Neural Machine Translation of Rare Words with Subword Units},
 year = {2016}
}

@inproceedings{shazeer2017outrageously,
 author = {Noam Shazeer and
Azalia Mirhoseini and
Krzysztof Maziarz and
Andy Davis and
Quoc V. Le and
Geoffrey E. Hinton and
Jeff Dean},
 booktitle = {Proc. of ICLR},
 title = {Outrageously Large Neural Networks: The Sparsely-Gated Mixture-of-Experts
Layer},
 year = {2017}
}

@inproceedings{sheng2020summarize,
 author = {Sheng, Dongming  and
Wang, Dong  and
Shen, Ying  and
Zheng, Haitao  and
Liu, Haozhuang},
 booktitle = {Proc. of COLING},
 title = {Summarize before Aggregate: A Global-to-local Heterogeneous Graph Inference Network for Conversational Emotion Recognition},
 year = {2020}
}

@inproceedings{speer2017conceptnet,
 author = {Robyn Speer and
Joshua Chin and
Catherine Havasi},
 booktitle = {Proc. of AAAI},
 title = {ConceptNet 5.5: An Open Multilingual Graph of General Knowledge},
 year = {2017}
}

@inproceedings{su2018time,
 author = {Su, Shang-Yu  and
Yuan, Pei-Chieh  and
Chen, Yun-Nung},
 booktitle = {Proc. of NAACL},
 title = {How Time Matters: Learning Time-Decay Attention for Contextual Spoken Language Understanding in Dialogues},
 year = {2018}
}

@inproceedings{teja2018hydranets,
 author = {Ravi Teja Mullapudi and
William R. Mark and
Noam Shazeer and
Kayvon Fatahalian},
 booktitle = {Proc. of CVPR},
 title = {HydraNets: Specialized Dynamic Architectures for Efficient Inference},
 year = {2018}
}

@inproceedings{velivckovic2017graph,
 author = {Petar Velickovic and
Guillem Cucurull and
Arantxa Casanova and
Adriana Romero and
Pietro Li{\`{o}} and
Yoshua Bengio},
 booktitle = {Proc. of ICLR},
 title = {Graph Attention Networks},
 year = {2018}
}

@inproceedings{yu2020ch,
 author = {Yu, Wenmeng  and
Xu, Hua  and
Meng, Fanyang  and
Zhu, Yilin  and
Ma, Yixiao  and
Wu, Jiele  and
Zou, Jiyun  and
Yang, Kaicheng},
 booktitle = {Proc. of ACL},
 title = {{CH}-{SIMS}: A {C}hinese Multimodal Sentiment Analysis Dataset with Fine-grained Annotation of Modality},
 year = {2020}
}

@article{zahiri2017emotion,
 author = {Zahiri, Sayyed M and Choi, Jinho D},
 journal = {ArXiv preprint},
 title = {Emotion detection on tv show transcripts with sequence-based convolutional neural networks},
 year = {2017}
}

@inproceedings{zhong2019knowledge,
 author = {Zhong, Peixiang  and
Wang, Di  and
Miao, Chunyan},
 booktitle = {Proc. of EMNLP},
 title = {Knowledge-Enriched Transformer for Emotion Detection in Textual Conversations},
 year = {2019}
}

